@misc{esolangs,
	author={},
	title={Befunge},
	howpublished={\url{http://esolangs.org/wiki/Befunge}},
	note={Online; retrieved 2017-02-17}
}

@misc{funge98,
	author={Chris Pressey},
	title={Funge-98 Final Specification},
	howpublished={\url{https://github.com/catseye/Funge-98/blob/master/doc/funge98.markdown}},
	note={Online; retrieved 2017-02-17}
}

@misc{befunge93,
	author={Chris Pressey},
	title={Befunge-93 Documentation},
	howpublished={\url{https://github.com/catseye/Befunge-93/blob/master/doc/Befunge-93.markdown}},
	note={Online; retrieved 2017-02-26}
}
